@misc{Cvdfr, 
title 	= {Données nationales concernant l'épidémie de COVID19},
year 	= {2020},
author 	= {OpenCOVID19 France., les contributeurs du dépot.},
howpublished = {\url{https://github.com/opencovid19-fr/data}}
}

@misc{fbprophet,
title 	= {Quickstart | Python API},
year 	= {2021},
howpublished = {\url{https://facebook.github.io/prophet/docs/quick_start.html}}
}